<mx:record xmlns="http://www.w3.org/TR/xhtml1/strict" xmlns:mx="http://www.loc.gov/MARC21/slim" xmlns:xsi="http://www.w3.org/2001/XMLSchema-instance"><mx:leader>00000nz   2200000n  0000</mx:leader><mx:controlfield tag="001">oca03944848 </mx:controlfield><mx:controlfield tag="005">19951024053740.2</mx:controlfield><mx:controlfield tag="008">951020n| acannaab|          |a aaa     c</mx:controlfield><mx:datafield ind1=" " ind2=" " tag="010"><mx:subfield code="a">nr 95038999</mx:subfield></mx:datafield><mx:datafield ind1=" " ind2=" " tag="040"><mx:subfield code="a">NNC</mx:subfield><mx:subfield code="c">NNC</mx:subfield></mx:datafield><mx:datafield ind1="1" ind2=" " tag="100"><mx:subfield code="a">Laberius, D.</mx:subfield><mx:subfield code="q">(Decimus),</mx:subfield><mx:subfield code="d">ca. 107-43 B.C.</mx:subfield></mx:datafield><mx:datafield ind1="1" ind2=" " tag="400"><mx:subfield code="a">Laberius, Decimus,</mx:subfield><mx:subfield code="d">ca 107-43 B.C.</mx:subfield></mx:datafield><mx:datafield ind1="0" ind2=" " tag="400"><mx:subfield code="a">D. Laberius</mx:subfield><mx:subfield code="q">(Decimus Laberius)</mx:subfield><mx:subfield code="d">ca. 107-43 B.C.</mx:subfield></mx:datafield><mx:datafield ind1=" " ind2=" " tag="670"><mx:subfield code="a">His Mimi, 1991:</mx:subfield><mx:subfield code="b">PHI CD ROM #5.3, Latin Canon, bibliographic screen (D. Laberius)</mx:subfield></mx:datafield><mx:datafield ind1=" " ind2=" " tag="670"><mx:subfield code="a">Pauly-Wissowa:</mx:subfield><mx:subfield code="b">23. Halbbd., col. 246-248; &amp;#034;Laberius&amp;#034;, #3 (D. Laberius; composer of mimes; known for his acquaintance with Caesar, and for his vocabulary; in 46 B.C. cited himself as 60 years old, therefore born 106 B.C. or thereabout; Jerome sets his death at 43 B.C.)</mx:subfield></mx:datafield><mx:datafield ind1=" " ind2=" " tag="670"><mx:subfield code="a">Oxford class. dict., 1st ed..:</mx:subfield><mx:subfield code="b">p. 476 (Laberius, Decimus, c. 115-43 B.C.; together with Publilius Syrus elevated to literary standards the popular southern Italian mimus)</mx:subfield></mx:datafield><mx:datafield ind1=" " ind2=" " tag="670"><mx:subfield code="a">NUC pre-56:</mx:subfield><mx:subfield code="b">v. 310, p. 41 (Laberius, Decimus, B.C. 107-43)</mx:subfield></mx:datafield><mx:datafield ind1=" " ind2=" " tag="670"><mx:subfield code="a">Dict. of Greek and Roman biog. and mythology, 1967:</mx:subfield><mx:subfield code="b">v. 2, p. 695 (Laberius, Decimus; Roman eques, distinguished writer of mimes; b. about 107 B.C., d. January 43)</mx:subfield></mx:datafield><mx:datafield ind1=" " ind2=" " tag="999"><mx:subfield code="a">51</mx:subfield></mx:datafield></mx:record>